@book{andreas_kaplan_classfication,
    author    = "Andreas Kaplan",
    title     = "Contemporary Issues in Social Media Marketing",
    year      = "2017",
    publisher = "Routledge",
    address   = ""
}

@inproceedings{moocs_uac_review,
author = {Eugène C. EZIN},
year = {2015},
month = {09},
pages = {},
title = {Les ressources éducatives libres et les Moocs: Perspectives pour l'Université d'Abomey-Calavi},
booktitle = "Research Gate",
url = "https://www.researchgate.net/publication/283225586_Les_ressources_educatives_libres_et_les_Moocs_Perspectives_pour_l'Universite_d'Abomey-Calavi"
}

@thesis {webrtc_thesis,
  author = "Simon Holm and Alexander Lööf",
  title  = "The design and architecture of a WebRTC application",
  type = "Bachelor’s degree 180 hp",
  institution = "Malmö University",
  year = {2019},
  url = "https://www.diva-portal.org/smash/get/diva2:1480111/FULLTEXT01.pdf"
}

@masterthesis {webrtc_vs_websocket_thesis,
  author = "Santeri Juslenius",
  title  = "WebSocket vs WebRTC in the stream
  overlays of the Streamr Network",
  institution = "University of Helsinki",
  year = {2021},
  url = "https://helda.helsinki.fi/bitstream/handle/10138/332587/Juslenius_Santeri_gradu_2021.pdf"
}

@online{distance_education, 
  author    = "Wikipédia",
  title     = "Distance education",
  url       = "https://en.wikipedia.org/wiki/Distance_education"
}

@online{online_learning, 
  author    = "Wikipedia",
  title     = "Online Learning",
  url       = "https://en.wikipedia.org/wiki/Online_learning_in_higher_education"
}

@online{etudiant_dot_bj, 
  author    = "UAC",
  title     = "Site d'education de l'Université d'Abomey-Calavi",
  url       = "https://etudiant.bj"
}

@online{nat_links, 
  author    = "Document Open Source",
  title     = "WebRTC for the curious",
  url       = "https://webrtcforthecurious.com/docs/03-connecting/"
}


@online{uml_spec_link, 
  author    = "Object Management Group",
  title     = "UML Specification",
  url       = "https://www.omg.org/spec/UML/"
}

@online{microservices_resiliency, 
  author    = "Microsoft Learn",
  title     = "Résilience et haute disponibilité dans les microservices",
  url       = "https://learn.microsoft.com/fr-fr/dotnet/architecture/microservices/architect-microservice-container-applications/resilient-high-availability-microservices"
}


@online{multitenancy, 
  author    = "Wikipédia",
  title     = "Multitenant",
  url       = "https://fr.wikipedia.org/wiki/Multitenant"
}

@online{redhat_rest_spec, 
  author    = "RedHat",
  title     = "Une API REST, qu'est-ce que c'est ?",
  url       = "https://www.redhat.com/fr/topics/api/what-is-a-rest-api"
}

@online{rust, 
  author    = "Rust Lang",
  title     = "Site officiel du langage Rust",
  url       = "https://rust-lang.org"
}


@online{actor_design_pattern, 
  author    = "Wikipédia",
  title     = "Modèle d'acteur",
  url       = "https://fr.wikipedia.org/wiki/Mod%C3%A8le_d%27acteur"
}

@online{enseignement_sup,
  author    = "Wikipédia",
  title     = "Enseignement supérieur",
  url       = "https://fr.wikipedia.org/wiki/Enseignement_sup%C3%A9rieur"
}

@online{ts_lang,
  author    = "Wikipédia",
  title     = "TypeScript",
  url       = "https://fr.wikipedia.org/wiki/TypeScript"
}

@online{nuxt_framework,
  author    = "Wikipédia",
  title     = "Nuxt.js",
  url       = "https://fr.wikipedia.org/wiki/Nuxt.js"
}
