@book{andreas_kaplan_classfication,
    author    = "Andreas Kaplan",
    title     = "Contemporary Issues in Social Media Marketing",
    year      = "2017",
    publisher = "Routledge",
    address   = ""
}

@misc{distance_education, 
  author    = "Wikipédia",
  title     = "Distance education",
  url       = "https://en.wikipedia.org/wiki/Distance_education"
}

@misc{online_learning, 
  author    = "Wikipedia",
  title     = "Online Learning",
  url       = "https://en.wikipedia.org/wiki/Online_learning_in_higher_education"
}

@misc{etudiant_dot_bj, 
  author    = "UAC",
  title     = "Site d'education de l'Université d'Abomey-Calavi",
  url       = "https://etudiant.bj"
}

@misc{nat_links, 
  author    = "Public",
  title     = "WebRTC for the curious",
  url       = "https://webrtcforthecurious.com/docs/03-connecting/"
}
